<?xml version='1.0' encoding='UTF-8'?>
<record xmlns="http://www.loc.gov/MARC21/slim">
  <leader>01547cam a2200325   4500</leader>
  <controlfield tag="001">2760153</controlfield>
  <controlfield tag="003">NjP</controlfield>
  <controlfield tag="005">20170516151337.0</controlfield>
  <controlfield tag="008">910220s1963    sy       i    000 0 ararc</controlfield>
  <datafield tag="024" ind1="7" ind2=" ">
    <subfield code="a">princeton_aco002224</subfield>
    <subfield code="2">local</subfield>
  </datafield>
  <datafield ind1=" " ind2=" " tag="010">
    <subfield code="a">ne 66001512 </subfield>
  </datafield>
  <datafield ind1=" " ind2=" " tag="035">
    <subfield code="a">(OCoLC)ocn178287288</subfield>
  </datafield>
  <datafield ind1=" " ind2=" " tag="035">
    <subfield code="a">(OCoLC)ocm23127621</subfield>
  </datafield>
  <datafield ind1=" " ind2=" " tag="040">
    <subfield code="a">Princeton Univ. Libr.</subfield>
    <subfield code="c">PUL</subfield>
    <subfield code="d">PUL</subfield>
  </datafield>
  <datafield ind1=" " ind2=" " tag="035">
    <subfield code="a">(OCoLC)178287288</subfield>
  </datafield>
  <datafield ind1=" " ind2=" " tag="035">
    <subfield code="9">CNF4542TS</subfield>
  </datafield>
  <datafield ind1=" " ind2=" " tag="035">
    <subfield code="a">(NjP)2760153</subfield>
  </datafield>
  <datafield ind1=" " ind2=" " tag="079">
    <subfield code="a">ocm23127621</subfield>
  </datafield>
  <datafield ind1=" " ind2=" " tag="049">
    <subfield code="a">PULL</subfield>
  </datafield>
  <datafield ind1="1" ind2=" " tag="100">
    <subfield code="6">880-01</subfield>
    <subfield code="a">Khaḍir, Aḥmad Mahdī,</subfield>
    <subfield code="d">1923-</subfield>
  </datafield>
  <datafield ind1="1" ind2="0" tag="245">
    <subfield code="6">880-02</subfield>
    <subfield code="a">Naḥwa dāʼirat maʻārif al-fiqh al-Islāmī muqāranan maʻa al-qānūn.</subfield>
    <subfield code="b">Fihris Ibn ʻĀbidīn.</subfield>
    <subfield code="c">Jamʻ wa-tartīb Aḥmad Mahdī al-Khaḍir.</subfield>
  </datafield>
  <datafield ind1=" " ind2=" " tag="260">
    <subfield code="6">880-03</subfield>
    <subfield code="a">Ḥalab,</subfield>
    <subfield code="b">al-Maṭbaʻah al-Sūrīyah</subfield>
    <subfield code="c">[al-ihdāʼ 1963]</subfield>
  </datafield>
  <datafield ind1=" " ind2=" " tag="300">
    <subfield code="a">A-E, 316 p.</subfield>
    <subfield code="c">29 cm.</subfield>
  </datafield>
  <datafield ind1="1" ind2="0" tag="600">
    <subfield code="6">880-04</subfield>
    <subfield code="a">Ibn ʻĀbidīn, Muḥammad Amīn ibn ʻUmar,</subfield>
    <subfield code="d">1783 or 1784-1836.</subfield>
    <subfield code="t">Radd al-muḥtār ʻalā al-Durr al-mukhtār</subfield>
    <subfield code="v">Indexes.</subfield>
  </datafield>
  <datafield ind1=" " ind2="0" tag="650">
    <subfield code="a">Islamic law</subfield>
    <subfield code="v">Indexes.</subfield>
  </datafield>
  <datafield ind1="1" ind2=" " tag="880">
    <subfield code="6">100-01/r</subfield>
    <subfield code="a">خضر، احمد مهدي،</subfield>
    <subfield code="d">1923-</subfield>
  </datafield>
  <datafield ind1="1" ind2="0" tag="880">
    <subfield code="6">245-02/r</subfield>
    <subfield code="a">نحو دائرة معارف الفقه الاسلامي مقارنن مع القانون.</subfield>
    <subfield code="b">فهرس ابن عابدين.</subfield>
    <subfield code="c">جمع وترتيب احمد مهدي الخضر.</subfield>
  </datafield>
  <datafield ind1=" " ind2=" " tag="880">
    <subfield code="6">260-03/r</subfield>
    <subfield code="a">حلب،</subfield>
    <subfield code="b">المطبعة السورية</subfield>
    <subfield code="c">[الاهداء 1963]</subfield>
  </datafield>
  <datafield ind1="1" ind2="4" tag="880">
    <subfield code="6">600-04/r</subfield>
    <subfield code="a">ابن عابدين، محمد امين بن عمر،</subfield>
    <subfield code="d">1783 or 1784-1836.</subfield>
    <subfield code="t">رد المحتار علا الدر المختار</subfield>
    <subfield code="v">Indexes.</subfield>
  </datafield>
  <datafield ind1=" " ind2=" " tag="911">
    <subfield code="a">20000130</subfield>
  </datafield>
  <datafield ind1=" " ind2=" " tag="994">
    <subfield code="a">C0</subfield>
    <subfield code="b">PUL</subfield>
  </datafield>
  <datafield ind1=" " ind2=" " tag="999">
    <subfield code="a">2760153</subfield>
  </datafield>
  <datafield ind1="0" ind2="0" tag="852">
    <subfield code="0">3070931</subfield>
    <subfield code="b">nec</subfield>
    <subfield code="t">1</subfield>
    <subfield code="h">KBP300.I227</subfield>
    <subfield code="i">K433 1963</subfield>
  </datafield>
  <datafield ind1=" " ind2=" " tag="959">
    <subfield code="a">2009-06-30 11:33:42 -0400</subfield>
  </datafield>
</record>
